@booklet{ekk,
    author   = "Andrej Dujella",
    title     = "\textit{Eliptiƒçke krivulje u kriptografiji}",
    howpublished   = {\url{http://web.math.pmf.unizg.hr/~duje/elkript/elkripto2.pdf}},
    year      = "2013"
}

@misc{utb,
    author   = "Andrej Dujella",
    title     = "\textit{Uvod u teoriju brojeva}",
    howpublished   = {\url{http://web.math.pmf.unizg.hr/~duje/utb/utblink.pdf}}
}